<?xml version="1.0" encoding="UTF-8"?><collection xmlns="http://www.loc.gov/MARC21/slim"><record><leader>00394nam--2200169-u-4500</leader><controlfield tag="001">000050946</controlfield><controlfield tag="002">20161230</controlfield><controlfield tag="005">20161230201049</controlfield><controlfield tag="008">080424s1000------------r-----000-0-eng-d</controlfield><datafield ind1=" " ind2=" " tag="040"><subfield code="a">IFIN-HH</subfield></datafield><datafield ind1=" " ind2=" " tag="080"><subfield code="a">51</subfield></datafield><datafield ind1="1" ind2=" " tag="100"><subfield code="a">Stepanov, N.N</subfield></datafield><datafield ind1="1" ind2="0" tag="245"><subfield code="a">Sfericheskaya Trigonometriya</subfield></datafield><datafield ind1=" " ind2=" " tag="260"><subfield code="a">Ogiz</subfield><subfield code="b">Gostekhizdat</subfield><subfield code="c">1948</subfield></datafield><datafield ind1=" " ind2=" " tag="300"><subfield code="a">154 p</subfield></datafield><datafield ind1=" " ind2=" " tag="852"><subfield code="a">80652</subfield><subfield code="c">51</subfield></datafield><datafield ind1=" " ind2=" " tag="CAT"><subfield code="a">Sys</subfield><subfield code="c">20080424</subfield><subfield code="h">135610</subfield></datafield></record></collection>